<record><leader>00000cas a22000007a 4500</leader><controlfield tag="001">9715937</controlfield><controlfield tag="008">830719d18351839mauwr ne      0    0eng d</controlfield><datafield ind1=" " ind2=" " tag="010"><subfield code="a">sn 83021017 </subfield></datafield><datafield ind1=" " ind2=" " tag="040"><subfield code="a">NPX</subfield><subfield code="b">eng</subfield><subfield code="c">NPX</subfield><subfield code="d">DLC</subfield><subfield code="d">MGN</subfield><subfield code="d">CNW</subfield><subfield code="d">OCL</subfield><subfield code="d">OCLCQ</subfield><subfield code="d">OCLCF</subfield><subfield code="d">OCLCO</subfield></datafield><datafield ind1="1" ind2=" " tag="029"><subfield code="a">AU@</subfield><subfield code="b">000025799967</subfield></datafield><datafield ind1=" " ind2=" " tag="042"><subfield code="a">msc</subfield></datafield><datafield ind1=" " ind2=" " tag="043"><subfield code="a">n-us-ma</subfield></datafield><datafield ind1="0" ind2="0" tag="050"><subfield code="a">Newspaper 8160-X</subfield></datafield><datafield ind1="0" ind2="0" tag="245"><subfield code="a">Hampshire Republican.</subfield></datafield><datafield ind1=" " ind2=" " tag="260"><subfield code="a">Northampton [Mass.] :</subfield><subfield code="b">Ebenezer P. Merriam</subfield></datafield><datafield ind1=" " ind2=" " tag="300"><subfield code="a">v. ;</subfield><subfield code="c">54 cm.</subfield></datafield><datafield ind1=" " ind2=" " tag="310"><subfield code="a">Weekly</subfield></datafield><datafield ind1="1" ind2=" " tag="362"><subfield code="a">Began Feb. 18, 1835; ceased in 1839?</subfield></datafield><datafield ind1=" " ind2=" " tag="500"><subfield code="a">Publishers: Lewis Ferry, &lt;1837&gt;; Apollos Munn, &lt;1838-1839&gt;.</subfield></datafield><datafield ind1=" " ind2=" " tag="500"><subfield code="a">Editors: C. Clark, &lt;1835&gt;; L. Ferry, &lt;1837&gt;; Apollos Munn, &lt;1838-1839&gt;.</subfield></datafield><datafield ind1=" " ind2=" " tag="500"><subfield code="a">Printer: Apollos Munn, &lt;1838&gt;.</subfield></datafield><datafield ind1=" " ind2=" " tag="588"><subfield code="a">Description based on: Vol. 1, no. 4 (Mar. 11, 1835).</subfield></datafield><datafield ind1=" " ind2="0" tag="651"><subfield code="a">Northampton (Mass.)</subfield><subfield code="v">Newspapers.</subfield></datafield><datafield ind1=" " ind2="7" tag="655"><subfield code="a">Newspapers.</subfield><subfield code="2">fast</subfield><subfield code="0">(OCoLC)fst01423814</subfield></datafield><datafield ind1=" " ind2="7" tag="651"><subfield code="a">Massachusetts</subfield><subfield code="z">Northampton.</subfield><subfield code="2">fast</subfield><subfield code="0">(OCoLC)fst01206054</subfield></datafield><datafield ind1="1" ind2=" " tag="700"><subfield code="a">Clark, Chauncey.</subfield></datafield><datafield ind1="1" ind2=" " tag="700"><subfield code="a">Warner, Oliver.</subfield></datafield><datafield ind1="1" ind2=" " tag="700"><subfield code="a">Ferry, Lewis.</subfield></datafield><datafield ind1="1" ind2=" " tag="700"><subfield code="a">Munn, Apollos.</subfield></datafield><datafield ind1=" " ind2=" " tag="752"><subfield code="a">United States</subfield><subfield code="b">Massachusetts</subfield><subfield code="c">Hampshire</subfield><subfield code="d">Northampton.</subfield></datafield><datafield ind1="0" ind2="0" tag="785"><subfield code="t">Republican, and Hampshire and Franklin advertiser</subfield><subfield code="w">(DLC)sn 83021018</subfield></datafield></record>